

@misc{a,
	title={{a}},
	author={a},
	howpublished={a},
	year={2018}
}

@misc{gnssWiki,
	title={{Globales Navigationssatellitensystem}},
	author={Cosmos-Indirekt},
	howpublished={\url{https://physik.cosmos-indirekt.de/Physik-Schule/Globales_Navigationssatellitensystem}},
	year={2017}
}

@misc{gpsHistory,
	title={{Global Positioning System History}},
	author={Thuy Mai},
	howpublished={\url{https://www.nasa.gov/directorates/heo/scan/communications/policy/GPS_History.html}},
	year={2017}
}

@misc{indoorMarket22markets,
	title = {{Indoor Location Market worth 40.99 Billion USD by 2022}},
	author = {MarketsandMarkets and Rohan},
	howpublished = {\url{https://www.marketsandmarkets.com/PressReleases/indoor-location.asp}},
	year={2017}
}

@misc{indoorMarket2022,
	title={{Indoor Location - Global Market Outlook (2016-2022)}},
	author={wise guy reports},
	howpublished={\url{https://www.wiseguyreports.com/sample-request/827000-indoor-location-global-market-outlook-2016-2022}},
	year={2018}
}

@misc{indoorMarket2023,
	title={{Global Indoor Location Market Analysis (2017-2023)}},
	author={KBV-Research},
	howpublished={\url{https://www.reportlinker.com/p05207399/Global-Indoor-Location-Market-Analysis.html}},
	year={2017}
}

@article{liRizos,
	title={{Positioning in environments where GPS fails}},
	author={Binghao Li and Andrew G. Dempster and Chris Rizos},
	journal={FIG Congress 2010, Facing the Challenges – Building the Capacity, Sydney, Australia, 11-16 April},
	year={2010}
}

@article{wimax,
	title={{How WiMAX Works}},
	author={Marshall Brain and Ed Grabianowski},
	journal={HowStuffWorks.com},
	howpublished={\url{https://computer.howstuffworks.com/wimax2.htm}},
	year={2004}
}

@misc{egnos,
	title={{What is EGNOS?}},
	howpublished={\url{https://www.gsa.europa.eu/egnos/what-egnos}},
	year={2018}
}

@article{gpsIndoorsMoeglich,
	title={{Indoor-GPS:	Ist der Satellitenempfang in Gebäuden möglich?}},
	author={Bernd Eissfeller und Andreas Teuber und Peter Zucker},
	year={2005}
}

@misc{heiseOnlineGPS,
	title={{Das Navi weiß den Weg: 40 Jahre GPS-Satelliten}},
	author={Michael Link},
	journal={Heise online},
	howpublished={\url{https://www.heise.de/newsticker/meldung/Das-Navi-weiss-den-Weg-40-Jahre-GPS-Satelliten-3975516.html}},
	year={2018},
	note = {"[Online; accessed 09-July-2019]"}
}

@article{recentAdvances,
	title={{Recent Advances in Wireless Indoor Localization Techniques and System}},
	author={Zahid Farid and Rosdiadee Nordin and Mahamod Ismail},
	journal={Journal of Computer Networks and Communications, Volume 2013, Article ID 185138, 12 pages},
	year={2013}
}

@article{surveyIPS,
	title={{A Survey of Indoor Positioning Systems for Wireless Personal Networks}},
	author={Yanying Gu and Anthony Lo and Ignas Niemegeers},
	journal={IEEE COMMUNICATIONS SURVEYS and TUTORIALS, VOL. 11, NO. 1, FIRST QUARTER 2009},
	year={2009}
}

@article{streamspin,
	title={{Seamless Indoor/Outdoor Positioning Handover for Location-Based Services in Streamspin}},
	author={R. Hansen and Rico Wind and Christian S. Jensen and Bent Thomsen},
	journal={2009 Tenth International Conference on Mobile Data Management: Systems, Services and Middleware},
	year={2009}
}

@article{seamlessIOresearch,
	title={{A Research on Seamless Indoor and Outdoor Positioning}},
	author={Jinlong E and Jie Ma},
	journal={Journal of Computers, Vol. 8, NO. 12},
	year={2013}
}

@article{seamlessIOsolutions,
	title={{Seamless Outdoors-Indoors Localization Solutions on Smartphones: Implementation and Challenges}},
	author={Halgurd S. Maghdid and Ihsan Alshahib Lami},
	journal={ACM Computing Surveys, Vol. 48, No. 4, Article 53},
	year={February 2016}
}

@article{hybridizationGNSSPhd,
	title={{Hybridisation of GNSS with other Wireless/Sensors Technologies Onboard Smartphones to offer Seamless OutdoorsIndoors Positioning for LBS Applications}},
	author={Halgurd Sarhang Maghdid},
	journal={Department of Applied Computing, The University of Buckingham, United Kingdom},
	year={2015}
}

@article{transitionalSpaces,
	title={{Transitional Spaces: Between Indoor	and Outdoor Spaces}},
	author={Christian Kray and Holger Fritze and Thore Fechner and Angela Schwering and Rui Li
	and Vanessa Joy Anacta},
	journal={T. Tenbrink et al. (Eds.): COSIT 2013, LNCS 8116, pp. 14–32, 2013.},
	year={2013}
}

@article{seamlessGPShandoverStrategy,
	title={{A GPS sensing strategy for accurate and	energy-efficient outdoor-to-indoor handover in seamless localization systems}},
	author={Yungeun Kim and Songhee Lee and Seokjoon Lee and Hojung Cha},
	journal={Mobile Information Systems 8 (2012) 315–332},
	year={2012}
}

@article{indoorFingerprinting,
	title={{Indoor Fingerprint Positioning Based on Wi-Fi: An Overview}},
	author={Shixiong Xia and Yi Liu and Guan Yuan and Mingjun Zhu  and Zhaohui Wang},
	journal={International Journal of Geo-Information},
	year={2017}
}

@article{drear,
	title={{DREAR- Towards Infrastructure-free Indoor Localization via Dead-Reckoning Enhanced with Activity Recognition}},
	author={Attila Török and Peter Pach and Andras Nagy and Laszlo Kovats},
	year={2014}
}

@article{zeroConfigGPSWLAN,
	title={{A Consistent Zero-Configuration GPS-Like Indoor Positioning System Based on Signal Strength in IEEE 802.11 Networks}},
	author={M.M. Atia and M. Korenberg and A. Noureldin},
	journal={Proceedings of the IEEE/ION Position Location and Navigation Symposium	(PLANS ’12), pp. 1068–1073},
	year={April 2012}
}

@article{wifiGPSUrbanCanyon,
	title={{Wi-Fi + GPS for urban canyon positioning}},
	author={Thomas Gallagher and Yong Khing Tan and Binghao Li and Andrew G Dempster},
	journal={International Global Navigation Satellite Systems Society IGNSS Symposium},
	year={2009}
}

@article{navIndoors,
	title={{Bringing navigation indoors. The Way We Live Next.}},
	author={K. Kalliola},
	year={2008}
}

@article{machineLearningIO,
	title={{A Fast Indoor/Outdoor Transition Detection Algorithm Based on Machine Learning}},
	author={Yida Zhu and Haiyong Luo and Qu Wang and Fang Zhao and Bokun Ning and Qixue Ke and Chen Zhang},
	journal={Sensors 2019, 19, 786; doi:10.3390/s19040786},
	year={2019}
}

@article{ai1,
	title={{Robust Indoor/Outdoor Detection Method based on Sparse GPS Positioning Information}},
	author={Sae Iwata and Kazuaki Ishikawa and Toshinori Takayama and Masao Yanagisawa and Nozomu Togawa},
	journal={ 2018 IEEE 8th International Conference on Consumer Electronics - Berlin (ICCE-Berlin)},
	year={2018}
}

@article{sensorFusion1,
	title={{Intelligent Positioning for a Commercial Mobile Platform in Seamless Indoor/Outdoor Scenes based on Multi-sensor Fusion}},
	author={Dongsheng Wang and Yongjie Lu and Lei Zhang and Guoping Jiang},
	journal={Sensors 2019, 19, 1696; doi:10.3390/s19071696},
	year={2019}
}